@ARTICLE{bowman:reasoning,
	AUTHOR = "Fabian Fagerholm and Alejandro Sanchez Guinea and Hanna Mäenpää and Jürgen münch",
	TITLE = "Building Blocks for Continuous Experimentation",
	JOURNAL = "ACM, RCoSE",
	VOLUME = {15},
	NUMBER = {5},
	PAGES = {2-11},
	MONTH = "June",
	YEAR = {2014}
}

@BOOK{stefan:valuebased,
	AUTHOR = "Stefan Biffl and Aybüke Aurum and Barry Boehm and Hakan Erdogmus and Paul Grünbacher",
	TITLE = "Value-Based Software Engineering",
	PUBLISHER = "Springer ",
	ADDRESS = "Berlin Heidelberg",
	YEAR = 2006
}

@ARTICLE{sutherland:scrum,
	AUTHOR = "Ken Scwaber and Jeff Sutherland",
	TITLE = "The Scrum Guide, The Definitive Guide to Scrum: Rules of the Game",
	JOURNAL = "Scrum.Org and ScrumInc",
	VOLUME = {1},
	PAGES = {3-5},
	YEAR = {2014}
	}

@ARTICLE{IEEE:lean,
AUTHOR = "Christof Ebert",
TITLE = "Lean Software Development",
VOLUME = {29},
PAGES = {22-25},
YEAR = {2012}
}

@BOOK{poppendieck:lean,
AUTHOR = "Mary Poppendieck, Tom Poppendieck",
TITLE = "Lean Software Development: An Agile Toolkit",
PUBLISHER = "Addison-Wesley Longman publishing CO., inc Boston, MA, USA @2003",
YEAR = "2003",
ISBN = "0321150783",
PAGES = {Introduction/Guided Tour},
}

@ARTICLE{boehm:valuebased,
	AUTHOR = "Barry Boehm",
	TITLE = "Value-Based Software Engineering: Seven Key Elements and Ethical Considerations",
	JOURNAL = "USC-CSE-2005-503",
	VOLUME = {1},
	PAGES = {7-25},
	YEAR = {2005}	}
